<record><leader>00000cas a22000008a 4500</leader><controlfield tag="001">660848151</controlfield><controlfield tag="006">m     o  d        </controlfield><controlfield tag="007">cr |||||||||||</controlfield><controlfield tag="008">100903c20109999fluwr nso     |    0eng  </controlfield><datafield ind1=" " ind2=" " tag="010"><subfield code="a">  2010208007</subfield></datafield><datafield ind1=" " ind2=" " tag="040"><subfield code="a">DLC</subfield><subfield code="b">eng</subfield><subfield code="c">DLC</subfield><subfield code="d">OCLCQ</subfield></datafield><datafield ind1=" " ind2=" " tag="012"><subfield code="l">1</subfield></datafield><datafield ind1="0" ind2=" " tag="022"><subfield code="a">2157-2836</subfield></datafield><datafield ind1=" " ind2=" " tag="037"><subfield code="b">A. Ramirez, 201 Raquet Club Rd., Ste. S312, Weston, FL 33326</subfield></datafield><datafield ind1=" " ind2=" " tag="042"><subfield code="a">msc</subfield></datafield><datafield ind1="1" ind2="0" tag="050"><subfield code="a">ISSN RECORD</subfield></datafield><datafield ind1="0" ind2=" " tag="130"><subfield code="a">Miami sun (Online)</subfield></datafield><datafield ind1="1" ind2="4" tag="245"><subfield code="a">The Miami sun.</subfield></datafield><datafield ind1=" " ind2=" " tag="260"><subfield code="a">Weston, FL :</subfield><subfield code="b">A. Ramirez</subfield></datafield><datafield ind1=" " ind2=" " tag="263"><subfield code="a">102010</subfield></datafield><datafield ind1=" " ind2=" " tag="310"><subfield code="a">Weekly</subfield></datafield><datafield ind1=" " ind2=" " tag="336"><subfield code="a">text</subfield><subfield code="b">txt</subfield><subfield code="2">rdacontent</subfield></datafield><datafield ind1=" " ind2=" " tag="337"><subfield code="a">computer</subfield><subfield code="b">c</subfield><subfield code="2">rdamedia</subfield></datafield><datafield ind1=" " ind2=" " tag="338"><subfield code="a">online resource</subfield><subfield code="b">cr</subfield><subfield code="2">rdacarrier</subfield></datafield><datafield ind1="0" ind2="8" tag="776"><subfield code="i">Print version:</subfield><subfield code="t">Miami sun</subfield><subfield code="x">2157-2828</subfield><subfield code="w">(DLC)  2010208008</subfield><subfield code="w">(OCoLC)660848113</subfield></datafield><datafield ind1="4" ind2="1" tag="856"><subfield code="u">http://www.themiamisun.com</subfield></datafield><datafield ind1=" " ind2=" " tag="936"><subfield code="a">PREPUB: Publication expected: Oct. 2010.</subfield></datafield></record>